00587cas a22002171a 4500
001 999277133502836
003 Nz
005 20161223153859.0
008 031219d19901991nz  r ne      0   0 eng d
035    $a (NLNZils)927713
035    $a (Nz)8134909
035    $a (NLNZils)927713-ilsdb
035    $a (OCoLC)173420789
040    $a WN $c WN
042    $a nznb
043    $a u-nz---
245 00 $a Christchurch Star Sunday.
260    $a [Christchurch, N.Z. : $b s.n., $c 1990-1991]
362 0  $a 1990 Aug.-1991 Nov.13
651  0 $a Christchurch (N.Z.) $v Newspapers.
655  7 $a New Zealand newspapers. $2 local $5 Nz
